@article{lei2022private,
  title={Private returns to public investment: Political career incentives and infrastructure investment in China},
  author={Lei, Zhenhuan and Zhou, Junlong Aaron},
  journal={The Journal of Politics},
  volume={84},
  number={1},
  pages={455--469},
  year={2022},
  publisher={The University of Chicago Press Chicago, IL}
}

@article{guo2009china,
  title={China's local political budget cycles},
  author={Guo, Gang},
  journal={American Journal of Political Science},
  volume={53},
  number={3},
  pages={621--632},
  year={2009},
  publisher={Wiley Online Library}
}

@article{sevi2021young,
  title={Do young voters vote for young leaders?},
  author={Sevi, Semra},
  journal={Electoral Studies},
  volume={69},
  pages={102200},
  year={2021},
  publisher={Elsevier}
}

@article{stockemer2018age,
  title={Age representation in parliaments: Can institutions pave the way for the young?},
  author={Stockemer, Daniel and Sundstr{\"o}m, Aksel},
  journal={European Political Science Review},
  volume={10},
  number={3},
  pages={467--490},
  year={2018},
  publisher={Cambridge University Press}
}



